@misc {WWW:NASA,
	author = {Thomas J. Benson},
	title = {FoilSim III Student version 1.5a},
	year = {2013},
	howpublished = {\url{http://www.grc.nasa.gov/WWW/k-12/airplane/foil3.html}},
	note = {online; accessed 20--03--2015}
}