@mastersthesis {THESIS:CUDA,
	author = {Tamás István Józsa},
	title = {Parallelization of lattice Boltzmann method using CUDA platform},
	school = {Cranfield University},
	year = {2014}
}

@mastersthesis {THESIS:PGAS,
	author = {Máté Tibor Szőke},
	title = {Efficient Implementation of a 2D Lattice Boltzmann Solver Using Modern Parallelisation Techniques},
	school = {Cranfield University},
	year = {2014}
}

@misc {WWW:NASA,
	author = {Thomas J. Benson},
	title = {FoilSim III Student version 1.5a},
	year = {2013},
	howpublished = {\url{http://www.grc.nasa.gov/WWW/k-12/airplane/foil3.html}},
	note = {online; accessed 20--03--2015}
}